<?xml version="1.0" encoding="UTF-8"?>
<record xmlns="http://www.loc.gov/MARC21/slim" xmlns:xsi="http://www.w3.org/2001/XMLSchema-instance" xsi:schemaLocation="http://www.loc.gov/MARC21/slim http://www.loc.gov/standards/marcxml/schema/MARC21slim.xsd">
<leader>     nam a2200325 a 4500</leader>
<controlfield tag="001">002046814</controlfield>
<controlfield tag="003">NNU</controlfield>
<controlfield tag="005">19940725150406.0</controlfield>
<controlfield tag="008">921209m19779999ir h     b    000 0 arar</controlfield>
<datafield tag="010" ind1=" " ind2=" ">
<subfield code="a">86932333</subfield>
</datafield>
<datafield tag="035" ind1="9" ind2=" ">
<subfield code="a">NYUb10999603</subfield>
</datafield>
<datafield tag="035" ind1=" " ind2=" ">
<subfield code="a">(CStRLIN)NYUG92-B112811</subfield>
</datafield>
<datafield tag="035" ind1=" " ind2=" ">
<subfield code="a">GLIS009996033</subfield>
</datafield>
<datafield tag="040" ind1=" " ind2=" ">
<subfield code="a">DLC</subfield>
<subfield code="c">DLC</subfield>
<subfield code="d">DLC</subfield>
</datafield>
<datafield tag="050" ind1="0" ind2="0">
<subfield code="a">BP193.27</subfield>
<subfield code="b">.I26 1977</subfield>
</datafield>
<datafield tag="090" ind1=" " ind2=" ">
<subfield code="a">BP193.27</subfield>
<subfield code="b">.I26 1977</subfield>
<subfield code="i">12/09/92 CT</subfield>
</datafield>
<datafield tag="100" ind1="1" ind2=" ">
<subfield code="a">Ibn Zayn al-Dīn, ʻAlī ibn Muḥammad,</subfield>
<subfield code="d">ca. 1604-1691 or 2.</subfield>
</datafield>
<datafield tag="245" ind1="1" ind2="3">
<subfield code="a">al-Durr al-manthūr min al-maʼthūr wa-ghayr al-maʼthūr /</subfield>
<subfield code="c">taʼlīf ʻAlī ibn Muḥammad ibn al-Ḥasan ibn Zayn al-Dīn al-ʻĀmilī.</subfield>
</datafield>
<datafield tag="250" ind1=" " ind2=" ">
<subfield code="a">al-Ṭabʻah 1.</subfield>
</datafield>
<datafield tag="260" ind1=" " ind2=" ">
<subfield code="a">Qumm :</subfield>
<subfield code="b">Kitābkhānah-i ʻUmūmī-i Āyat Allāh al-ʻUẓmá Marʻashī Najafī,</subfield>
<subfield code="c">1398- [1977 or 1978-</subfield>
</datafield>
<datafield tag="300" ind1=" " ind2=" ">
<subfield code="a">v. :</subfield>
<subfield code="b">facsims. ;</subfield>
<subfield code="c">25 cm.</subfield>
</datafield>
<datafield tag="490" ind1="1" ind2=" ">
<subfield code="a">Min mukhṭūṭāt Maktabat Āyat Allāh al-Marʻashī al-ʻĀmmah ;</subfield>
<subfield code="v">4</subfield>
</datafield>
<datafield tag="500" ind1=" " ind2=" ">
<subfield code="a">Publisher stamped on t.p.</subfield>
</datafield>
<datafield tag="504" ind1=" " ind2=" ">
<subfield code="a">Includes bibliographical references.</subfield>
</datafield>
<datafield tag="650" ind1=" " ind2="0">
<subfield code="a">Hadith (Shiites)</subfield>
<subfield code="x">Criticism, interpretation, etc.</subfield>
<subfield code="v">Early works to 1800.</subfield>
</datafield>
<datafield tag="650" ind1=" " ind2="0">
<subfield code="a">Shīʻah</subfield>
<subfield code="x">Doctrines</subfield>
<subfield code="v">Early works to 1800.</subfield>
</datafield>
<datafield tag="830" ind1=" " ind2="0">
<subfield code="a">Min makhṭūṭāt Maktabat Āyat Allāh al-Marʻashī al-ʻĀmmah ;</subfield>
<subfield code="v">4.</subfield>
</datafield>
<datafield tag="OWN" ind1=" " ind2=" ">
<subfield code="a">GENERAL</subfield>
</datafield>
<datafield tag="950" ind1=" " ind2=" ">
<subfield code="l">BMAIN</subfield>
<subfield code="n">455:sl\Unanalyzed\</subfield>
<subfield code="i">12/09/92 C</subfield>
</datafield>
<datafield tag="955" ind1=" " ind2=" ">
<subfield code="l">BMAIN</subfield>
<subfield code="c">1:v.2</subfield>
<subfield code="r">016821574</subfield>
<subfield code="i">12/09/92 C</subfield>
</datafield>
<datafield tag="955" ind1=" " ind2=" ">
<subfield code="l">BMAIN</subfield>
<subfield code="c">1:v.1</subfield>
<subfield code="r">016821632</subfield>
<subfield code="i">12/09/92 C</subfield>
</datafield>
<datafield tag="998" ind1=" " ind2=" ">
<subfield code="a">12/09/92</subfield>
<subfield code="t">c</subfield>
<subfield code="s">9110</subfield>
<subfield code="n">NNU</subfield>
<subfield code="w">DCLC86932333B</subfield>
<subfield code="d">12/09/92</subfield>
<subfield code="b">WO</subfield>
<subfield code="i">921209</subfield>
<subfield code="l">NYUG</subfield>
</datafield>
<datafield tag="AVA" ind1=" " ind2=" ">
<subfield code="a">NYU50</subfield>
<subfield code="b">BOBST</subfield>
<subfield code="c">Main Collection</subfield>
<subfield code="d">BP193.27 .I26 1977</subfield>
<subfield code="e">available</subfield>
<subfield code="t">Available</subfield>
<subfield code="f">2</subfield>
<subfield code="g">0</subfield>
<subfield code="h">Y</subfield>
<subfield code="i">0</subfield>
<subfield code="j">MAIN</subfield>
<subfield code="k">0</subfield>
</datafield>
</record>
